<record><leader>00000cas a22000007a 4500</leader><controlfield tag="001">20845588</controlfield><controlfield tag="008">900104d18631864mouwr ne      0    0eng d</controlfield><datafield ind1=" " ind2=" " tag="010"><subfield code="a">sn 89067678 </subfield></datafield><datafield ind1=" " ind2=" " tag="040"><subfield code="a">MQN</subfield><subfield code="b">eng</subfield><subfield code="c">MQN</subfield><subfield code="d">OCLCQ</subfield></datafield><datafield ind1=" " ind2=" " tag="042"><subfield code="a">msc</subfield></datafield><datafield ind1="0" ind2=" " tag="130"><subfield code="a">Conservator (Richmond, Mo. : 1863)</subfield></datafield><datafield ind1="1" ind2="4" tag="245"><subfield code="a">The conservator.</subfield></datafield><datafield ind1=" " ind2=" " tag="260"><subfield code="a">Richmond, Mo. :</subfield><subfield code="b">O.D. Hawkins,</subfield><subfield code="c">1863-</subfield></datafield><datafield ind1=" " ind2=" " tag="300"><subfield code="a">v.</subfield></datafield><datafield ind1=" " ind2=" " tag="310"><subfield code="a">Weekly</subfield></datafield><datafield ind1="0" ind2=" " tag="362"><subfield code="a">Vol. 10, no. 17 (Apr. 30, 1863)-</subfield></datafield><datafield ind1="1" ind2=" " tag="362"><subfield code="a">Ceased in 1864?</subfield></datafield><datafield ind1=" " ind2=" " tag="515"><subfield code="a">Publication suspended July 14, 1864-May 8, 1865, resumed under new title?</subfield></datafield><datafield ind1=" " ind2=" " tag="752"><subfield code="a">United States</subfield><subfield code="b">Missouri</subfield><subfield code="c">Ray</subfield><subfield code="d">Richmond.</subfield></datafield><datafield ind1="0" ind2="0" tag="780"><subfield code="t">North-west conservator (Richmond, Mo. : 1861)</subfield><subfield code="w">(DLC)sn 89067677</subfield></datafield><datafield ind1="0" ind2="0" tag="785"><subfield code="t">North-west conservator</subfield><subfield code="w">(DLC)sn 87052188</subfield></datafield></record>